%% ##  Final Year Project bibliography as BibTeX entries

@Article{2012arXiv1211.4683P,
   author = {{Patel}, B.~V. and {Meshram}, B.~B.},
    title = "{Content based video retrieval}",2012arXiv1211.4683P
  journal = {ArXiv e-prints},
archivePrefix = "arXiv",
   eprint = {1211.4683},
 primaryClass = "cs.MM",
 keywords = {Computer Science - Multimedia, Computer Science - Computer Vision and Pattern Recognition},
     year = 2012,
    month = nov,
   adsurl = {http://adsabs.harvard.edu/abs/2012arXiv1211.4683P},
  adsnote = {Provided by the SAO/NASA Astrophysics Data System}
}

@MISC{Petkovic00content-basedvideo,
    author = {M. Petkovic},
    title = {Content-Based Video Retrieval},
    year = {2000}
}

@online{KalenzagaC-howdoesshazamwork,
    author = {{Kalenzaga} C.}
    title = {How does Shazam work | Coding Geek},
    year = 2015,
    url = {http://coding-geek.com/how-shazam-works/}
    urldate = {2018-10-15}
}

@book{bradski2008learning,
  title={Learning OpenCV: Computer Vision with the OpenCV Library},
  author={Bradski, G. and Kaehler, A.},
  isbn={9780596554040},
  url={https://books.google.co.uk/books?id=seAgiOfu2EIC},
  year={2008},
  publisher={O'Reilly Media}
}
